@article{mirza2014conditional,
  title   = {Conditional generative adversarial nets},
  author  = {Mirza, Mehdi and Osindero, Simon},
  journal = {arXiv preprint arXiv:1411.1784},
  year    = {2014}
}

@article{radford2015unsupervised,
  title   = {Unsupervised representation learning with deep convolutional generative adversarial networks},
  author  = {Radford, Alec and Metz, Luke and Chintala, Soumith},
  journal = {arXiv preprint arXiv:1511.06434},
  year    = {2015}
}

@misc{lecun2016riseminar,
  author  = {LeCun, Yann},
  year    = {2016},
  title   = {RI Seminar: Yann LeCun : The Next Frontier in AI: Unsupervised Learning},
  url     = {https://www.youtube.com/watch?v=IbjF5VjniVE&list=WL&index=95&t=2558s},
  urldate = {2016-11-19}
}

@article{goodfellow2014generative,
  title   = {Generative adversarial nets},
  author  = {Goodfellow, Ian and Pouget-Abadie, Jean and Mirza, Mehdi and Xu, Bing and Warde-Farley, David and Ozair, Sherjil and Courville, Aaron and Bengio, Yoshua},
  journal = {Advances in neural information processing systems},
  volume  = {27},
  year    = {2014}
}

@inproceedings{viazovetskyi2020stylegan2,
  title        = {Stylegan2 distillation for feed-forward image manipulation},
  author       = {Viazovetskyi, Yuri and Ivashkin, Vladimir and Kashin, Evgeny},
  booktitle    = {European Conference on Computer Vision},
  pages        = {170--186},
  year         = {2020},
  organization = {Springer}
}



@article{DBLP:journals/corr/abs-2106-12423,
  author     = {Tero Karras and
                Miika Aittala and
                Samuli Laine and
                Erik H{\"{a}}rk{\"{o}}nen and
                Janne Hellsten and
                Jaakko Lehtinen and
                Timo Aila},
  title      = {Alias-Free Generative Adversarial Networks},
  journal    = {CoRR},
  volume     = {abs/2106.12423},
  year       = {2021},
  url        = {https://arxiv.org/abs/2106.12423},
  eprinttype = {arXiv},
  eprint     = {2106.12423},
  timestamp  = {Wed, 30 Jun 2021 16:14:10 +0200},
  biburl     = {https://dblp.org/rec/journals/corr/abs-2106-12423.bib},
  bibsource  = {dblp computer science bibliography, https://dblp.org}
}

@article{kingma2013auto,
  title   = {Auto-encoding variational bayes},
  author  = {Kingma, Diederik P and Welling, Max},
  journal = {arXiv preprint arXiv:1312.6114},
  year    = {2013}
}



@article{DBLP:journals/corr/OordKK16,
  author     = {A{\"{a}}ron van den Oord and
                Nal Kalchbrenner and
                Koray Kavukcuoglu},
  title      = {Pixel Recurrent Neural Networks},
  journal    = {CoRR},
  volume     = {abs/1601.06759},
  year       = {2016},
  url        = {http://arxiv.org/abs/1601.06759},
  eprinttype = {arXiv},
  eprint     = {1601.06759},
  timestamp  = {Mon, 13 Aug 2018 16:46:29 +0200},
  biburl     = {https://dblp.org/rec/journals/corr/OordKK16.bib},
  bibsource  = {dblp computer science bibliography, https://dblp.org}
}


